
<record>
  <controlfield tag="001">251036</controlfield>
  <datafield tag="035" ind1=" " ind2=" ">
    <subfield code="z">D87-14589</subfield>
    <subfield code="9">DESY</subfield>
  </datafield>
  <datafield tag="035" ind1=" " ind2=" ">
    <subfield code="z">D89-03424</subfield>
    <subfield code="9">DESY</subfield>
  </datafield>
  <datafield tag="035" ind1=" " ind2=" ">
    <subfield code="a">Stanco:1987bx</subfield>
    <subfield code="9">SPIRESTeX</subfield>
  </datafield>
  <datafield tag="035" ind1=" " ind2=" ">
    <subfield code="9">KEKSCAN</subfield>
    <subfield code="a">87-11-353</subfield>
  </datafield>
  <datafield tag="037" ind1=" " ind2=" ">
    <subfield code="a">LAL-87-42</subfield>
  </datafield>
  <datafield tag="245" ind1=" " ind2=" ">
    <subfield code="a">PSEUDOSCALAR STATES IN J / psi ---&gt; gamma V V DECAYS. RESULTS FROM DM2</subfield>
  </datafield>
  <datafield tag="710" ind1=" " ind2=" ">
    <subfield code="g">DM2</subfield>
  </datafield>
</record>