
<record>
  <controlfield tag="001">1409351</controlfield>
  <datafield tag="035" ind1=" " ind2=" ">
    <subfield code="a">Henrard:1987dts</subfield>
    <subfield code="9">INSPIRETeX</subfield>
  </datafield>
  <datafield tag="245" ind1=" " ind2=" ">
    <subfield code="a">Results on baryonic J/$\psi$ decays from DM2 at DCI</subfield>
  </datafield>
  <datafield tag="710" ind1=" " ind2=" ">
    <subfield code="g">DM2</subfield>
  </datafield>
</record>