
<record>
  <controlfield tag="001">253410</controlfield>
  <datafield tag="035" ind1=" " ind2=" ">
    <subfield code="z">D87-09820</subfield>
    <subfield code="9">DESY</subfield>
  </datafield>
  <datafield tag="035" ind1=" " ind2=" ">
    <subfield code="a">Ajaltouni:1987gz</subfield>
    <subfield code="9">SPIRESTeX</subfield>
  </datafield>
  <datafield tag="245" ind1=" " ind2=" ">
    <subfield code="a">STUDY OF THE DECAYS J / PSI ---&gt; VECTOR + PSEUDOSCALAR.</subfield>
  </datafield>
  <datafield tag="710" ind1=" " ind2=" ">
    <subfield code="g">DM2</subfield>
  </datafield>
</record>